@misc{ocde-diretrizes,
		author ={OCDE},
		title = {OECD - Diretrizes da OCDE sobre Governanç },
		howpublished = {\href{https://www.oecd.org/publications/diretrizes-da-ocde-sobre-governanca-corporativa-de-empresas-estatais-edicao-2015-9789264181106-pt.htm}},
		note = {Último acesso em 16/12/2020},
		language = {Portuguese}
		}
	@misc{introRJS,
		author ={Reginaldo J. Santos},
		title = {Introdução ao {LaTeX}},
		howpublished = {\url{http://www.mat.ufmg.br/~regi/topicos/intlat.pdf}},
		note = {Último acesso em 30/06/2014},
		language = {Portuguese}
	}
	@misc{aprendolatex,
		author ={Antero Neves},
		title = {O que vou aprendendo em {LaTeX}},
		howpublished = {\url{https://aprendolatex.wordpress.com/}},
		note = {Último acesso em 30/06/2014},
		language = {Portuguese}
	}
	@misc{notsoshortlatex,
		author ={Tobias Oetiker AND	Hubert Partl AND Irene Hyna AND Elisabeth Schlegl},
		title = {{T}he {N}ot {S}o {S}hort {I}ntroduction {T}o {LaTeX}},
		howpublished = {\url{http://tobi.oetiker.ch/lshort/lshort.pdf}},
		note = {Último acesso em 30/06/2014},
		language = {English}
	}
	@misc{texstackexchange,
		author ={StackExchange},
		title = {{TeX}--{S}tack{E}exchange {F}orum},
		howpublished = {\url{http://tex.stackexchange.com/}},
		note = {Último acesso em 30/06/2014},
		language = {English}
	}
	@misc{writelatex,
		author ={John Hammersley AND John Lees-Miller AND Tim Alby},
		title = {Write{LaTeX}},
		howpublished = {\url{http://writelatex.com/}},
		note = {Último acesso em 30/06/2014},
		language = {English}
	}
	@misc{sharelatex,
		author ={Henry Oswald AND James Allen},
		title = {Share{LaTeX}},
		howpublished = {\url{http://sharelatex.com/}},
		note = {Último acesso em 30/06/2014},
		language = {English}
	}
	@misc{latexnoubuntu,
		author ={Cláudio Novais},
		title = {Como instalar o {LaTeX} no {U}buntu?},
		year = {2009},
		howpublished = {\url{http://ubuntued.info/como-instalar-o-latex-no-ubuntu}},
		note = {Último acesso em 30/06/2014},
		language = {English}
	}
	@misc{miktex,
		author ={{MixTeX}},
		howpublished = {\url{http://miktex.org}},
		note = {Último acesso em 30/06/2014},
		language = {English}
	}
	@misc{texlive,
		author ={{TeX Live}},
		howpublished = {\url{https://www.tug.org/texlive}},
		note = {Último acesso em 30/06/2014},
		language = {English}
	}
	@misc{detexify,
		author ={Philipp Kühl AND Daniel Kirsch},
		howpublished = {\url{http://detexify.kirelabs.org/classify.html}},
		note = {Último acesso em 30/06/2014},
		language = {English}
	}
	@misc{latexwikibook,
		author ={Wikibook},
		title = {Collection {LaTeX}},
		howpublished = {\url{http://en.wikibooks.org/wiki/Wikibooks:Collections/LaTeX}},
		note = {Último acesso em 30/06/2014},
		language = {English}
	}
	@misc{latextemplates,
		author ={Velimir Gayevskiy},
		title = {{LaTeX Templates}},
		howpublished = {\url{http://www.latextemplates.com}},
		note = {Último acesso em 30/06/2014},
		language = {English}
	}
	@misc{mactex,
		author ={{MacTeX}},
		howpublished = {\url{https://www.tug.org/mactex/}},
		note = {Último acesso em 30/06/2014},
		language = {English}
	}
	@misc{texstudio,
		author ={{TeXstudio}},
		howpublished = {\url{http://texstudio.sourceforge.net/}},
		note = {Último acesso em 30/06/2014},
		language = {English}
	}
	@misc{latexlab,
		author ={{LaTeX Lab}},
		howpublished = {\url{http://docs.latexlab.org/}},
		note = {Último acesso em 30/06/2014},
		language = {English}
	}
	@misc{pcn1998,
		author = {BRASIL},
		title = {Introdução aos Par\^ametros Curriculares Nacionais},
		howpublished = {Brasília: Ministério da Educação, Secretaria de Educação Fundamental},
		note = {\url{http://portal.mec.gov.br/seb/arquivos/pdf/livro01.pdf} (\'Ultimo acesso em 30/06/2014)},
		year = {1998},		
		language = {Portuguese}
		}
	@misc{pnld2014,
		author = "BRASIL",
		title = "Guia de livros did\'aticos: {PNLD} 2014 - Matem\'atica",
		year = "2013",
		howpublished = "Brasília: Ministério da Educação, Secretaria de Educação Básica",
		note = "\url{http://www.ime.unicamp.br/~hqsaearp/Disciplinas/AnaliseLivros/PNLD2014.pdf} (\'Ultimo acesso em 30/06/2014)"
	}
	@misc{curriculoSP,
		author = "s\~ao paulo (Estado)",
		title = "\textit{Curr\'iculo do Estado de S\~ao Paulo: Matem\'atica e suas tecnologias}",
		year = "2011",
		howpublished = "S\~ao Paulo: Secretaria de Educação",
		note = "\url{http://www.educacao.sp.gov.br/a2sitebox/arquivos/documentos/238.pdf} (\'Ultimo acesso em 30/06/2014)"
	}
	http://www.ime.unicamp.br/~hqsaearp/Disciplinas/AnaliseLivros/Elon/
	@misc{analisesElon,
		author = "Elon Lages Lima",
		title = "Fundamentos para a análise dos livros-texto de Matemática para o {E}nsino {M}édio",
		note = "\url{http://www.ime.unicamp.br/~hqsaearp/Disciplinas/AnaliseLivros/Elon/} (\'Ultimo acesso em 30/06/2014)"
		}